@misc{inan2016tying,
    title={Tying Word Vectors and Word Classifiers: A Loss Framework for Language Modeling},
    author={Hakan Inan and Khashayar Khosravi and Richard Socher},
    year={2016},
    eprint={1611.01462},
    archivePrefix={arXiv},
    primaryClass={cs.LG}
}

@misc{ma2016endtoend,
	title={End-to-end Sequence Labeling via Bi-directional LSTM-CNNs-CRF}, 
	author={Xuezhe Ma and Eduard Hovy},
	year={2016},
	eprint={1603.01354},
	archivePrefix={arXiv},
	primaryClass={cs.LG}
}

@article{DBLP:journals/corr/cs-CL-0306050,
	author    = {Erik F. Tjong Kim Sang and
	Fien De Meulder},
	title     = {Introduction to the CoNLL-2003 Shared Task: Language-Independent Named
	Entity Recognition},
	journal   = {CoRR},
	volume    = {cs.CL/0306050},
	year      = {2003},
	url       = {http://arxiv.org/abs/cs/0306050},
	timestamp = {Fri, 10 Jan 2020 12:58:18 +0100},
	biburl    = {https://dblp.org/rec/journals/corr/cs-CL-0306050.bib},
	bibsource = {dblp computer science bibliography, https://dblp.org}
}

@misc{rothman_2015, title={Facebook History: TheFacebook.com Launched February 4, 2004}, url={https://time.com/3686124/happy-birthday-facebook/}, journal={Time}, publisher={Time}, author={Rothman, Lily}, year={2015}, month={Feb}
}

@inproceedings{NIPS2017_3f5ee243,
	author = {Vaswani, Ashish and Shazeer, Noam and Parmar, Niki and Uszkoreit, Jakob and Jones, Llion and Gomez, Aidan N and Kaiser, \L ukasz and Polosukhin, Illia},
	booktitle = {Advances in Neural Information Processing Systems},
	editor = {I. Guyon and U. V. Luxburg and S. Bengio and H. Wallach and R. Fergus and S. Vishwanathan and R. Garnett},
	pages = {5998--6008},
	publisher = {Curran Associates, Inc.},
	title = {Attention is All you Need},
	url = {https://proceedings.neurips.cc/paper/2017/file/3f5ee243547dee91fbd053c1c4a845aa-Paper.pdf},
	volume = {30},
	year = {2017}
}

